%YAML 1.1
%TAG !u! tag:unity3d.com,2011:
--- !u!1 &8027462710879859695
GameObject:
  m_ObjectHideFlags: 0
  m_CorrespondingSourceObject: {fileID: 0}
  m_PrefabInstance: {fileID: 0}
  m_PrefabAsset: {fileID: 0}
  serializedVersion: 6
  m_Component:
  - component: {fileID: 8027462710879859692}
  m_Layer: 0
  m_Name: Build01a
  m_TagString: Untagged
  m_Icon: {fileID: 0}
  m_NavMeshLayer: 0
  m_StaticEditorFlags: 0
  m_IsActive: 1
--- !u!4 &8027462710879859692
Transform:
  m_ObjectHideFlags: 0
  m_CorrespondingSourceObject: {fileID: 0}
  m_PrefabInstance: {fileID: 0}
  m_PrefabAsset: {fileID: 0}
  m_GameObject: {fileID: 8027462710879859695}
  m_LocalRotation: {x: -0, y: -0, z: -0, w: 1}
  m_LocalPosition: {x: -1.2148418, y: 0.88253987, z: -7.837117}
  m_LocalScale: {x: 1, y: 1, z: 1}
  m_Children:
  - {fileID: 1561382755170636608}
  - {fileID: 1561382754705057060}
  - {fileID: 1561382753780297529}
  - {fileID: 1561382755658336151}
  - {fileID: 8027462711154702880}
  - {fileID: 4713170684440806763}
  - {fileID: 4713170685097841260}
  - {fileID: 4713170684333987630}
  - {fileID: 4713170684633777579}
  - {fileID: 5428661053757627785}
  m_Father: {fileID: 0}
  m_RootOrder: 0
  m_LocalEulerAnglesHint: {x: 0, y: 0, z: 0}
--- !u!1 &8027462711154702883
GameObject:
  m_ObjectHideFlags: 0
  m_CorrespondingSourceObject: {fileID: 0}
  m_PrefabInstance: {fileID: 0}
  m_PrefabAsset: {fileID: 0}
  serializedVersion: 6
  m_Component:
  - component: {fileID: 8027462711154702880}
  m_Layer: 0
  m_Name: Ceiling
  m_TagString: Untagged
  m_Icon: {fileID: 0}
  m_NavMeshLayer: 0
  m_StaticEditorFlags: 0
  m_IsActive: 1
--- !u!4 &8027462711154702880
Transform:
  m_ObjectHideFlags: 0
  m_CorrespondingSourceObject: {fileID: 0}
  m_PrefabInstance: {fileID: 0}
  m_PrefabAsset: {fileID: 0}
  m_GameObject: {fileID: 8027462711154702883}
  m_LocalRotation: {x: 0, y: 0, z: 0, w: 1}
  m_LocalPosition: {x: 0, y: 2.5, z: 0}
  m_LocalScale: {x: 1, y: 1, z: 1}
  m_Children:
  - {fileID: 7287497202378673308}
  - {fileID: 7287497201907008304}
  - {fileID: 7287497202000492647}
  - {fileID: 7287497201564508920}
  - {fileID: 7287497203276303728}
  - {fileID: 7287497203422945090}
  - {fileID: 7287497201793375605}
  - {fileID: 7287497202424422202}
  - {fileID: 7287497202584608208}
  m_Father: {fileID: 8027462710879859692}
  m_RootOrder: 4
  m_LocalEulerAnglesHint: {x: 0, y: 0, z: 0}
--- !u!1001 &2286927666083818099
PrefabInstance:
  m_ObjectHideFlags: 0
  serializedVersion: 2
  m_Modification:
    m_TransformParent: {fileID: 8027462710879859692}
    m_Modifications:
    - target: {fileID: 6118904182033938426, guid: cd1571a38f38d714390c179d9a9473bb, type: 3}
      propertyPath: m_RootOrder
      value: 9
      objectReference: {fileID: 0}
    - target: {fileID: 6118904182033938426, guid: cd1571a38f38d714390c179d9a9473bb, type: 3}
      propertyPath: m_LocalPosition.x
      value: -2.96661
      objectReference: {fileID: 0}
    - target: {fileID: 6118904182033938426, guid: cd1571a38f38d714390c179d9a9473bb, type: 3}
      propertyPath: m_LocalPosition.y
      value: 6.989149
      objectReference: {fileID: 0}
    - target: {fileID: 6118904182033938426, guid: cd1571a38f38d714390c179d9a9473bb, type: 3}
      propertyPath: m_LocalPosition.z
      value: 0.55072975
      objectReference: {fileID: 0}
    - target: {fileID: 6118904182033938426, guid: cd1571a38f38d714390c179d9a9473bb, type: 3}
      propertyPath: m_LocalRotation.w
      value: 1
      objectReference: {fileID: 0}
    - target: {fileID: 6118904182033938426, guid: cd1571a38f38d714390c179d9a9473bb, type: 3}
      propertyPath: m_LocalRotation.x
      value: -0
      objectReference: {fileID: 0}
    - target: {fileID: 6118904182033938426, guid: cd1571a38f38d714390c179d9a9473bb, type: 3}
      propertyPath: m_LocalRotation.y
      value: -0
      objectReference: {fileID: 0}
    - target: {fileID: 6118904182033938426, guid: cd1571a38f38d714390c179d9a9473bb, type: 3}
      propertyPath: m_LocalRotation.z
      value: -0
      objectReference: {fileID: 0}
    - target: {fileID: 6118904182033938426, guid: cd1571a38f38d714390c179d9a9473bb, type: 3}
      propertyPath: m_LocalEulerAnglesHint.x
      value: 0
      objectReference: {fileID: 0}
    - target: {fileID: 6118904182033938426, guid: cd1571a38f38d714390c179d9a9473bb, type: 3}
      propertyPath: m_LocalEulerAnglesHint.y
      value: 0
      objectReference: {fileID: 0}
    - target: {fileID: 6118904182033938426, guid: cd1571a38f38d714390c179d9a9473bb, type: 3}
      propertyPath: m_LocalEulerAnglesHint.z
      value: 0
      objectReference: {fileID: 0}
    - target: {fileID: 6890901345796664640, guid: cd1571a38f38d714390c179d9a9473bb, type: 3}
      propertyPath: m_Name
      value: GenericBlock (1)
      objectReference: {fileID: 0}
    m_RemovedComponents: []
  m_SourcePrefab: {fileID: 100100000, guid: cd1571a38f38d714390c179d9a9473bb, type: 3}
--- !u!4 &5428661053757627785 stripped
Transform:
  m_CorrespondingSourceObject: {fileID: 6118904182033938426, guid: cd1571a38f38d714390c179d9a9473bb, type: 3}
  m_PrefabInstance: {fileID: 2286927666083818099}
  m_PrefabAsset: {fileID: 0}
--- !u!1001 &8027462709317198023
PrefabInstance:
  m_ObjectHideFlags: 0
  serializedVersion: 2
  m_Modification:
    m_TransformParent: {fileID: 8027462711154702880}
    m_Modifications:
    - target: {fileID: 76264846975596301, guid: 80519c95e61f06e45b2ace44eb0ef0ac, type: 3}
      propertyPath: m_Name
      value: BuildingAtlas01Ceiling01 (4)
      objectReference: {fileID: 0}
    - target: {fileID: 740036016062344631, guid: 80519c95e61f06e45b2ace44eb0ef0ac, type: 3}
      propertyPath: m_RootOrder
      value: 4
      objectReference: {fileID: 0}
    - target: {fileID: 740036016062344631, guid: 80519c95e61f06e45b2ace44eb0ef0ac, type: 3}
      propertyPath: m_LocalScale.x
      value: 0.5
      objectReference: {fileID: 0}
    - target: {fileID: 740036016062344631, guid: 80519c95e61f06e45b2ace44eb0ef0ac, type: 3}
      propertyPath: m_LocalPosition.x
      value: -4.976618
      objectReference: {fileID: 0}
    - target: {fileID: 740036016062344631, guid: 80519c95e61f06e45b2ace44eb0ef0ac, type: 3}
      propertyPath: m_LocalPosition.y
      value: 4.489149
      objectReference: {fileID: 0}
    - target: {fileID: 740036016062344631, guid: 80519c95e61f06e45b2ace44eb0ef0ac, type: 3}
      propertyPath: m_LocalPosition.z
      value: 2.0207367
      objectReference: {fileID: 0}
    - target: {fileID: 740036016062344631, guid: 80519c95e61f06e45b2ace44eb0ef0ac, type: 3}
      propertyPath: m_LocalRotation.w
      value: 1
      objectReference: {fileID: 0}
    - target: {fileID: 740036016062344631, guid: 80519c95e61f06e45b2ace44eb0ef0ac, type: 3}
      propertyPath: m_LocalRotation.x
      value: -0
      objectReference: {fileID: 0}
    - target: {fileID: 740036016062344631, guid: 80519c95e61f06e45b2ace44eb0ef0ac, type: 3}
      propertyPath: m_LocalRotation.y
      value: -0
      objectReference: {fileID: 0}
    - target: {fileID: 740036016062344631, guid: 80519c95e61f06e45b2ace44eb0ef0ac, type: 3}
      propertyPath: m_LocalRotation.z
      value: -0
      objectReference: {fileID: 0}
    - target: {fileID: 740036016062344631, guid: 80519c95e61f06e45b2ace44eb0ef0ac, type: 3}
      propertyPath: m_LocalEulerAnglesHint.x
      value: 0
      objectReference: {fileID: 0}
    - target: {fileID: 740036016062344631, guid: 80519c95e61f06e45b2ace44eb0ef0ac, type: 3}
      propertyPath: m_LocalEulerAnglesHint.y
      value: 0
      objectReference: {fileID: 0}
    - target: {fileID: 740036016062344631, guid: 80519c95e61f06e45b2ace44eb0ef0ac, type: 3}
      propertyPath: m_LocalEulerAnglesHint.z
      value: 0
      objectReference: {fileID: 0}
    m_RemovedComponents: []
  m_SourcePrefab: {fileID: 100100000, guid: 80519c95e61f06e45b2ace44eb0ef0ac, type: 3}
--- !u!4 &7287497203276303728 stripped
Transform:
  m_CorrespondingSourceObject: {fileID: 740036016062344631, guid: 80519c95e61f06e45b2ace44eb0ef0ac, type: 3}
  m_PrefabInstance: {fileID: 8027462709317198023}
  m_PrefabAsset: {fileID: 0}
--- !u!1001 &8027462709472228085
PrefabInstance:
  m_ObjectHideFlags: 0
  serializedVersion: 2
  m_Modification:
    m_TransformParent: {fileID: 8027462711154702880}
    m_Modifications:
    - target: {fileID: 76264846975596301, guid: 80519c95e61f06e45b2ace44eb0ef0ac, type: 3}
      propertyPath: m_Name
      value: BuildingAtlas01Ceiling01 (5)
      objectReference: {fileID: 0}
    - target: {fileID: 740036016062344631, guid: 80519c95e61f06e45b2ace44eb0ef0ac, type: 3}
      propertyPath: m_RootOrder
      value: 5
      objectReference: {fileID: 0}
    - target: {fileID: 740036016062344631, guid: 80519c95e61f06e45b2ace44eb0ef0ac, type: 3}
      propertyPath: m_LocalScale.x
      value: 0.5
      objectReference: {fileID: 0}
    - target: {fileID: 740036016062344631, guid: 80519c95e61f06e45b2ace44eb0ef0ac, type: 3}
      propertyPath: m_LocalPosition.x
      value: -4.976618
      objectReference: {fileID: 0}
    - target: {fileID: 740036016062344631, guid: 80519c95e61f06e45b2ace44eb0ef0ac, type: 3}
      propertyPath: m_LocalPosition.y
      value: 4.489149
      objectReference: {fileID: 0}
    - target: {fileID: 740036016062344631, guid: 80519c95e61f06e45b2ace44eb0ef0ac, type: 3}
      propertyPath: m_LocalPosition.z
      value: 0.020736694
      objectReference: {fileID: 0}
    - target: {fileID: 740036016062344631, guid: 80519c95e61f06e45b2ace44eb0ef0ac, type: 3}
      propertyPath: m_LocalRotation.w
      value: 1
      objectReference: {fileID: 0}
    - target: {fileID: 740036016062344631, guid: 80519c95e61f06e45b2ace44eb0ef0ac, type: 3}
      propertyPath: m_LocalRotation.x
      value: -0
      objectReference: {fileID: 0}
    - target: {fileID: 740036016062344631, guid: 80519c95e61f06e45b2ace44eb0ef0ac, type: 3}
      propertyPath: m_LocalRotation.y
      value: -0
      objectReference: {fileID: 0}
    - target: {fileID: 740036016062344631, guid: 80519c95e61f06e45b2ace44eb0ef0ac, type: 3}
      propertyPath: m_LocalRotation.z
      value: -0
      objectReference: {fileID: 0}
    - target: {fileID: 740036016062344631, guid: 80519c95e61f06e45b2ace44eb0ef0ac, type: 3}
      propertyPath: m_LocalEulerAnglesHint.x
      value: 0
      objectReference: {fileID: 0}
    - target: {fileID: 740036016062344631, guid: 80519c95e61f06e45b2ace44eb0ef0ac, type: 3}
      propertyPath: m_LocalEulerAnglesHint.y
      value: 0
      objectReference: {fileID: 0}
    - target: {fileID: 740036016062344631, guid: 80519c95e61f06e45b2ace44eb0ef0ac, type: 3}
      propertyPath: m_LocalEulerAnglesHint.z
      value: 0
      objectReference: {fileID: 0}
    m_RemovedComponents: []
  m_SourcePrefab: {fileID: 100100000, guid: 80519c95e61f06e45b2ace44eb0ef0ac, type: 3}
--- !u!4 &7287497203422945090 stripped
Transform:
  m_CorrespondingSourceObject: {fileID: 740036016062344631, guid: 80519c95e61f06e45b2ace44eb0ef0ac, type: 3}
  m_PrefabInstance: {fileID: 8027462709472228085}
  m_PrefabAsset: {fileID: 0}
--- !u!1001 &8027462709647516781
PrefabInstance:
  m_ObjectHideFlags: 0
  serializedVersion: 2
  m_Modification:
    m_TransformParent: {fileID: 8027462710879859692}
    m_Modifications:
    - target: {fileID: 8180704295066440174, guid: 05952272095666e498644be3a93fe8df, type: 3}
      propertyPath: m_Name
      value: BuildingAtlas01Wall01 (2)
      objectReference: {fileID: 0}
    - target: {fileID: 8848556881308994388, guid: 05952272095666e498644be3a93fe8df, type: 3}
      propertyPath: m_RootOrder
      value: 2
      objectReference: {fileID: 0}
    - target: {fileID: 8848556881308994388, guid: 05952272095666e498644be3a93fe8df, type: 3}
      propertyPath: m_LocalPosition.x
      value: -2.9766178
      objectReference: {fileID: 0}
    - target: {fileID: 8848556881308994388, guid: 05952272095666e498644be3a93fe8df, type: 3}
      propertyPath: m_LocalPosition.y
      value: -0.510851
      objectReference: {fileID: 0}
    - target: {fileID: 8848556881308994388, guid: 05952272095666e498644be3a93fe8df, type: 3}
      propertyPath: m_LocalPosition.z
      value: -1.9792633
      objectReference: {fileID: 0}
    - target: {fileID: 8848556881308994388, guid: 05952272095666e498644be3a93fe8df, type: 3}
      propertyPath: m_LocalRotation.w
      value: 0.0000029504295
      objectReference: {fileID: 0}
    - target: {fileID: 8848556881308994388, guid: 05952272095666e498644be3a93fe8df, type: 3}
      propertyPath: m_LocalRotation.x
      value: -0
      objectReference: {fileID: 0}
    - target: {fileID: 8848556881308994388, guid: 05952272095666e498644be3a93fe8df, type: 3}
      propertyPath: m_LocalRotation.y
      value: -1
      objectReference: {fileID: 0}
    - target: {fileID: 8848556881308994388, guid: 05952272095666e498644be3a93fe8df, type: 3}
      propertyPath: m_LocalRotation.z
      value: -0
      objectReference: {fileID: 0}
    - target: {fileID: 8848556881308994388, guid: 05952272095666e498644be3a93fe8df, type: 3}
      propertyPath: m_LocalEulerAnglesHint.x
      value: 0
      objectReference: {fileID: 0}
    - target: {fileID: 8848556881308994388, guid: 05952272095666e498644be3a93fe8df, type: 3}
      propertyPath: m_LocalEulerAnglesHint.y
      value: -180
      objectReference: {fileID: 0}
    - target: {fileID: 8848556881308994388, guid: 05952272095666e498644be3a93fe8df, type: 3}
      propertyPath: m_LocalEulerAnglesHint.z
      value: 0
      objectReference: {fileID: 0}
    m_RemovedComponents: []
  m_SourcePrefab: {fileID: 100100000, guid: 05952272095666e498644be3a93fe8df, type: 3}
--- !u!4 &1561382753780297529 stripped
Transform:
  m_CorrespondingSourceObject: {fileID: 8848556881308994388, guid: 05952272095666e498644be3a93fe8df, type: 3}
  m_PrefabInstance: {fileID: 8027462709647516781}
  m_PrefabAsset: {fileID: 0}
--- !u!1001 &8027462709655606718
PrefabInstance:
  m_ObjectHideFlags: 0
  serializedVersion: 2
  m_Modification:
    m_TransformParent: {fileID: 8027462710879859692}
    m_Modifications:
    - target: {fileID: 2685303873417862504, guid: 6adfe57b02d48734d8835abe4a3415fe, type: 3}
      propertyPath: m_Name
      value: BuildingAtlas01Wall01b (2)
      objectReference: {fileID: 0}
    - target: {fileID: 3319096892620343250, guid: 6adfe57b02d48734d8835abe4a3415fe, type: 3}
      propertyPath: m_RootOrder
      value: 6
      objectReference: {fileID: 0}
    - target: {fileID: 3319096892620343250, guid: 6adfe57b02d48734d8835abe4a3415fe, type: 3}
      propertyPath: m_LocalPosition.x
      value: -5.47661
      objectReference: {fileID: 0}
    - target: {fileID: 3319096892620343250, guid: 6adfe57b02d48734d8835abe4a3415fe, type: 3}
      propertyPath: m_LocalPosition.y
      value: 4.489149
      objectReference: {fileID: 0}
    - target: {fileID: 3319096892620343250, guid: 6adfe57b02d48734d8835abe4a3415fe, type: 3}
      propertyPath: m_LocalPosition.z
      value: 0.5207367
      objectReference: {fileID: 0}
    - target: {fileID: 3319096892620343250, guid: 6adfe57b02d48734d8835abe4a3415fe, type: 3}
      propertyPath: m_LocalRotation.w
      value: 0.7071078
      objectReference: {fileID: 0}
    - target: {fileID: 3319096892620343250, guid: 6adfe57b02d48734d8835abe4a3415fe, type: 3}
      propertyPath: m_LocalRotation.x
      value: -0
      objectReference: {fileID: 0}
    - target: {fileID: 3319096892620343250, guid: 6adfe57b02d48734d8835abe4a3415fe, type: 3}
      propertyPath: m_LocalRotation.y
      value: -0.7071058
      objectReference: {fileID: 0}
    - target: {fileID: 3319096892620343250, guid: 6adfe57b02d48734d8835abe4a3415fe, type: 3}
      propertyPath: m_LocalRotation.z
      value: -0
      objectReference: {fileID: 0}
    - target: {fileID: 3319096892620343250, guid: 6adfe57b02d48734d8835abe4a3415fe, type: 3}
      propertyPath: m_LocalEulerAnglesHint.x
      value: 0
      objectReference: {fileID: 0}
    - target: {fileID: 3319096892620343250, guid: 6adfe57b02d48734d8835abe4a3415fe, type: 3}
      propertyPath: m_LocalEulerAnglesHint.y
      value: -90
      objectReference: {fileID: 0}
    - target: {fileID: 3319096892620343250, guid: 6adfe57b02d48734d8835abe4a3415fe, type: 3}
      propertyPath: m_LocalEulerAnglesHint.z
      value: 0
      objectReference: {fileID: 0}
    m_RemovedComponents: []
  m_SourcePrefab: {fileID: 100100000, guid: 6adfe57b02d48734d8835abe4a3415fe, type: 3}
--- !u!4 &4713170685097841260 stripped
Transform:
  m_CorrespondingSourceObject: {fileID: 3319096892620343250, guid: 6adfe57b02d48734d8835abe4a3415fe, type: 3}
  m_PrefabInstance: {fileID: 8027462709655606718}
  m_PrefabAsset: {fileID: 0}
--- !u!1001 &8027462710097289515
PrefabInstance:
  m_ObjectHideFlags: 0
  serializedVersion: 2
  m_Modification:
    m_TransformParent: {fileID: 8027462711154702880}
    m_Modifications:
    - target: {fileID: 76264846975596301, guid: 80519c95e61f06e45b2ace44eb0ef0ac, type: 3}
      propertyPath: m_Name
      value: BuildingAtlas01Ceiling01
      objectReference: {fileID: 0}
    - target: {fileID: 740036016062344631, guid: 80519c95e61f06e45b2ace44eb0ef0ac, type: 3}
      propertyPath: m_RootOrder
      value: 0
      objectReference: {fileID: 0}
    - target: {fileID: 740036016062344631, guid: 80519c95e61f06e45b2ace44eb0ef0ac, type: 3}
      propertyPath: m_LocalPosition.x
      value: -1.4766178
      objectReference: {fileID: 0}
    - target: {fileID: 740036016062344631, guid: 80519c95e61f06e45b2ace44eb0ef0ac, type: 3}
      propertyPath: m_LocalPosition.y
      value: 4.489149
      objectReference: {fileID: 0}
    - target: {fileID: 740036016062344631, guid: 80519c95e61f06e45b2ace44eb0ef0ac, type: 3}
      propertyPath: m_LocalPosition.z
      value: 2.0207367
      objectReference: {fileID: 0}
    - target: {fileID: 740036016062344631, guid: 80519c95e61f06e45b2ace44eb0ef0ac, type: 3}
      propertyPath: m_LocalRotation.w
      value: 1
      objectReference: {fileID: 0}
    - target: {fileID: 740036016062344631, guid: 80519c95e61f06e45b2ace44eb0ef0ac, type: 3}
      propertyPath: m_LocalRotation.x
      value: -0
      objectReference: {fileID: 0}
    - target: {fileID: 740036016062344631, guid: 80519c95e61f06e45b2ace44eb0ef0ac, type: 3}
      propertyPath: m_LocalRotation.y
      value: -0
      objectReference: {fileID: 0}
    - target: {fileID: 740036016062344631, guid: 80519c95e61f06e45b2ace44eb0ef0ac, type: 3}
      propertyPath: m_LocalRotation.z
      value: -0
      objectReference: {fileID: 0}
    - target: {fileID: 740036016062344631, guid: 80519c95e61f06e45b2ace44eb0ef0ac, type: 3}
      propertyPath: m_LocalEulerAnglesHint.x
      value: 0
      objectReference: {fileID: 0}
    - target: {fileID: 740036016062344631, guid: 80519c95e61f06e45b2ace44eb0ef0ac, type: 3}
      propertyPath: m_LocalEulerAnglesHint.y
      value: 0
      objectReference: {fileID: 0}
    - target: {fileID: 740036016062344631, guid: 80519c95e61f06e45b2ace44eb0ef0ac, type: 3}
      propertyPath: m_LocalEulerAnglesHint.z
      value: 0
      objectReference: {fileID: 0}
    m_RemovedComponents: []
  m_SourcePrefab: {fileID: 100100000, guid: 80519c95e61f06e45b2ace44eb0ef0ac, type: 3}
--- !u!4 &7287497202378673308 stripped
Transform:
  m_CorrespondingSourceObject: {fileID: 740036016062344631, guid: 80519c95e61f06e45b2ace44eb0ef0ac, type: 3}
  m_PrefabInstance: {fileID: 8027462710097289515}
  m_PrefabAsset: {fileID: 0}
--- !u!1001 &8027462710151950989
PrefabInstance:
  m_ObjectHideFlags: 0
  serializedVersion: 2
  m_Modification:
    m_TransformParent: {fileID: 8027462711154702880}
    m_Modifications:
    - target: {fileID: 76264846975596301, guid: 80519c95e61f06e45b2ace44eb0ef0ac, type: 3}
      propertyPath: m_Name
      value: BuildingAtlas01Ceiling01 (7)
      objectReference: {fileID: 0}
    - target: {fileID: 740036016062344631, guid: 80519c95e61f06e45b2ace44eb0ef0ac, type: 3}
      propertyPath: m_RootOrder
      value: 7
      objectReference: {fileID: 0}
    - target: {fileID: 740036016062344631, guid: 80519c95e61f06e45b2ace44eb0ef0ac, type: 3}
      propertyPath: m_LocalScale.x
      value: 0.5
      objectReference: {fileID: 0}
    - target: {fileID: 740036016062344631, guid: 80519c95e61f06e45b2ace44eb0ef0ac, type: 3}
      propertyPath: m_LocalPosition.x
      value: -1.4766178
      objectReference: {fileID: 0}
    - target: {fileID: 740036016062344631, guid: 80519c95e61f06e45b2ace44eb0ef0ac, type: 3}
      propertyPath: m_LocalPosition.y
      value: 4.489149
      objectReference: {fileID: 0}
    - target: {fileID: 740036016062344631, guid: 80519c95e61f06e45b2ace44eb0ef0ac, type: 3}
      propertyPath: m_LocalPosition.z
      value: -1.4792633
      objectReference: {fileID: 0}
    - target: {fileID: 740036016062344631, guid: 80519c95e61f06e45b2ace44eb0ef0ac, type: 3}
      propertyPath: m_LocalRotation.w
      value: 0.70710784
      objectReference: {fileID: 0}
    - target: {fileID: 740036016062344631, guid: 80519c95e61f06e45b2ace44eb0ef0ac, type: 3}
      propertyPath: m_LocalRotation.x
      value: -0
      objectReference: {fileID: 0}
    - target: {fileID: 740036016062344631, guid: 80519c95e61f06e45b2ace44eb0ef0ac, type: 3}
      propertyPath: m_LocalRotation.y
      value: -0.70710576
      objectReference: {fileID: 0}
    - target: {fileID: 740036016062344631, guid: 80519c95e61f06e45b2ace44eb0ef0ac, type: 3}
      propertyPath: m_LocalRotation.z
      value: -0
      objectReference: {fileID: 0}
    - target: {fileID: 740036016062344631, guid: 80519c95e61f06e45b2ace44eb0ef0ac, type: 3}
      propertyPath: m_LocalEulerAnglesHint.x
      value: 0
      objectReference: {fileID: 0}
    - target: {fileID: 740036016062344631, guid: 80519c95e61f06e45b2ace44eb0ef0ac, type: 3}
      propertyPath: m_LocalEulerAnglesHint.y
      value: -90
      objectReference: {fileID: 0}
    - target: {fileID: 740036016062344631, guid: 80519c95e61f06e45b2ace44eb0ef0ac, type: 3}
      propertyPath: m_LocalEulerAnglesHint.z
      value: 0
      objectReference: {fileID: 0}
    m_RemovedComponents: []
  m_SourcePrefab: {fileID: 100100000, guid: 80519c95e61f06e45b2ace44eb0ef0ac, type: 3}
--- !u!4 &7287497202424422202 stripped
Transform:
  m_CorrespondingSourceObject: {fileID: 740036016062344631, guid: 80519c95e61f06e45b2ace44eb0ef0ac, type: 3}
  m_PrefabInstance: {fileID: 8027462710151950989}
  m_PrefabAsset: {fileID: 0}
--- !u!1001 &8027462710311612519
PrefabInstance:
  m_ObjectHideFlags: 0
  serializedVersion: 2
  m_Modification:
    m_TransformParent: {fileID: 8027462711154702880}
    m_Modifications:
    - target: {fileID: 76264846975596301, guid: 80519c95e61f06e45b2ace44eb0ef0ac, type: 3}
      propertyPath: m_Name
      value: BuildingAtlas01Ceiling01 (8)
      objectReference: {fileID: 0}
    - target: {fileID: 740036016062344631, guid: 80519c95e61f06e45b2ace44eb0ef0ac, type: 3}
      propertyPath: m_RootOrder
      value: 8
      objectReference: {fileID: 0}
    - target: {fileID: 740036016062344631, guid: 80519c95e61f06e45b2ace44eb0ef0ac, type: 3}
      propertyPath: m_LocalScale.x
      value: 0.5
      objectReference: {fileID: 0}
    - target: {fileID: 740036016062344631, guid: 80519c95e61f06e45b2ace44eb0ef0ac, type: 3}
      propertyPath: m_LocalScale.z
      value: 0.5
      objectReference: {fileID: 0}
    - target: {fileID: 740036016062344631, guid: 80519c95e61f06e45b2ace44eb0ef0ac, type: 3}
      propertyPath: m_LocalPosition.x
      value: -4.976618
      objectReference: {fileID: 0}
    - target: {fileID: 740036016062344631, guid: 80519c95e61f06e45b2ace44eb0ef0ac, type: 3}
      propertyPath: m_LocalPosition.y
      value: 4.489149
      objectReference: {fileID: 0}
    - target: {fileID: 740036016062344631, guid: 80519c95e61f06e45b2ace44eb0ef0ac, type: 3}
      propertyPath: m_LocalPosition.z
      value: -1.4792633
      objectReference: {fileID: 0}
    - target: {fileID: 740036016062344631, guid: 80519c95e61f06e45b2ace44eb0ef0ac, type: 3}
      propertyPath: m_LocalRotation.w
      value: 0.70710784
      objectReference: {fileID: 0}
    - target: {fileID: 740036016062344631, guid: 80519c95e61f06e45b2ace44eb0ef0ac, type: 3}
      propertyPath: m_LocalRotation.x
      value: -0
      objectReference: {fileID: 0}
    - target: {fileID: 740036016062344631, guid: 80519c95e61f06e45b2ace44eb0ef0ac, type: 3}
      propertyPath: m_LocalRotation.y
      value: -0.70710576
      objectReference: {fileID: 0}
    - target: {fileID: 740036016062344631, guid: 80519c95e61f06e45b2ace44eb0ef0ac, type: 3}
      propertyPath: m_LocalRotation.z
      value: -0
      objectReference: {fileID: 0}
    - target: {fileID: 740036016062344631, guid: 80519c95e61f06e45b2ace44eb0ef0ac, type: 3}
      propertyPath: m_LocalEulerAnglesHint.x
      value: 0
      objectReference: {fileID: 0}
    - target: {fileID: 740036016062344631, guid: 80519c95e61f06e45b2ace44eb0ef0ac, type: 3}
      propertyPath: m_LocalEulerAnglesHint.y
      value: -90
      objectReference: {fileID: 0}
    - target: {fileID: 740036016062344631, guid: 80519c95e61f06e45b2ace44eb0ef0ac, type: 3}
      propertyPath: m_LocalEulerAnglesHint.z
      value: 0
      objectReference: {fileID: 0}
    m_RemovedComponents: []
  m_SourcePrefab: {fileID: 100100000, guid: 80519c95e61f06e45b2ace44eb0ef0ac, type: 3}
--- !u!4 &7287497202584608208 stripped
Transform:
  m_CorrespondingSourceObject: {fileID: 740036016062344631, guid: 80519c95e61f06e45b2ace44eb0ef0ac, type: 3}
  m_PrefabInstance: {fileID: 8027462710311612519}
  m_PrefabAsset: {fileID: 0}
--- !u!1001 &8027462710320693945
PrefabInstance:
  m_ObjectHideFlags: 0
  serializedVersion: 2
  m_Modification:
    m_TransformParent: {fileID: 8027462710879859692}
    m_Modifications:
    - target: {fileID: 2685303873417862504, guid: 6adfe57b02d48734d8835abe4a3415fe, type: 3}
      propertyPath: m_Name
      value: BuildingAtlas01Wall01b (1)
      objectReference: {fileID: 0}
    - target: {fileID: 3319096892620343250, guid: 6adfe57b02d48734d8835abe4a3415fe, type: 3}
      propertyPath: m_RootOrder
      value: 5
      objectReference: {fileID: 0}
    - target: {fileID: 3319096892620343250, guid: 6adfe57b02d48734d8835abe4a3415fe, type: 3}
      propertyPath: m_LocalPosition.x
      value: -0.47658825
      objectReference: {fileID: 0}
    - target: {fileID: 3319096892620343250, guid: 6adfe57b02d48734d8835abe4a3415fe, type: 3}
      propertyPath: m_LocalPosition.y
      value: 4.489149
      objectReference: {fileID: 0}
    - target: {fileID: 3319096892620343250, guid: 6adfe57b02d48734d8835abe4a3415fe, type: 3}
      propertyPath: m_LocalPosition.z
      value: 0.5207367
      objectReference: {fileID: 0}
    - target: {fileID: 3319096892620343250, guid: 6adfe57b02d48734d8835abe4a3415fe, type: 3}
      propertyPath: m_LocalRotation.w
      value: 0.7071079
      objectReference: {fileID: 0}
    - target: {fileID: 3319096892620343250, guid: 6adfe57b02d48734d8835abe4a3415fe, type: 3}
      propertyPath: m_LocalRotation.x
      value: -0
      objectReference: {fileID: 0}
    - target: {fileID: 3319096892620343250, guid: 6adfe57b02d48734d8835abe4a3415fe, type: 3}
      propertyPath: m_LocalRotation.y
      value: 0.70710576
      objectReference: {fileID: 0}
    - target: {fileID: 3319096892620343250, guid: 6adfe57b02d48734d8835abe4a3415fe, type: 3}
      propertyPath: m_LocalRotation.z
      value: -0
      objectReference: {fileID: 0}
    - target: {fileID: 3319096892620343250, guid: 6adfe57b02d48734d8835abe4a3415fe, type: 3}
      propertyPath: m_LocalEulerAnglesHint.x
      value: 0
      objectReference: {fileID: 0}
    - target: {fileID: 3319096892620343250, guid: 6adfe57b02d48734d8835abe4a3415fe, type: 3}
      propertyPath: m_LocalEulerAnglesHint.y
      value: 90
      objectReference: {fileID: 0}
    - target: {fileID: 3319096892620343250, guid: 6adfe57b02d48734d8835abe4a3415fe, type: 3}
      propertyPath: m_LocalEulerAnglesHint.z
      value: 0
      objectReference: {fileID: 0}
    m_RemovedComponents: []
  m_SourcePrefab: {fileID: 100100000, guid: 6adfe57b02d48734d8835abe4a3415fe, type: 3}
--- !u!4 &4713170684440806763 stripped
Transform:
  m_CorrespondingSourceObject: {fileID: 3319096892620343250, guid: 6adfe57b02d48734d8835abe4a3415fe, type: 3}
  m_PrefabInstance: {fileID: 8027462710320693945}
  m_PrefabAsset: {fileID: 0}
--- !u!1001 &8027462710553612540
PrefabInstance:
  m_ObjectHideFlags: 0
  serializedVersion: 2
  m_Modification:
    m_TransformParent: {fileID: 8027462710879859692}
    m_Modifications:
    - target: {fileID: 2685303873417862504, guid: 6adfe57b02d48734d8835abe4a3415fe, type: 3}
      propertyPath: m_Name
      value: BuildingAtlas01Wall01b
      objectReference: {fileID: 0}
    - target: {fileID: 3319096892620343250, guid: 6adfe57b02d48734d8835abe4a3415fe, type: 3}
      propertyPath: m_RootOrder
      value: 7
      objectReference: {fileID: 0}
    - target: {fileID: 3319096892620343250, guid: 6adfe57b02d48734d8835abe4a3415fe, type: 3}
      propertyPath: m_LocalPosition.x
      value: -2.9766102
      objectReference: {fileID: 0}
    - target: {fileID: 3319096892620343250, guid: 6adfe57b02d48734d8835abe4a3415fe, type: 3}
      propertyPath: m_LocalPosition.y
      value: 4.489149
      objectReference: {fileID: 0}
    - target: {fileID: 3319096892620343250, guid: 6adfe57b02d48734d8835abe4a3415fe, type: 3}
      propertyPath: m_LocalPosition.z
      value: 3.0207367
      objectReference: {fileID: 0}
    - target: {fileID: 3319096892620343250, guid: 6adfe57b02d48734d8835abe4a3415fe, type: 3}
      propertyPath: m_LocalRotation.w
      value: 1
      objectReference: {fileID: 0}
    - target: {fileID: 3319096892620343250, guid: 6adfe57b02d48734d8835abe4a3415fe, type: 3}
      propertyPath: m_LocalRotation.x
      value: -0
      objectReference: {fileID: 0}
    - target: {fileID: 3319096892620343250, guid: 6adfe57b02d48734d8835abe4a3415fe, type: 3}
      propertyPath: m_LocalRotation.y
      value: -0
      objectReference: {fileID: 0}
    - target: {fileID: 3319096892620343250, guid: 6adfe57b02d48734d8835abe4a3415fe, type: 3}
      propertyPath: m_LocalRotation.z
      value: -0
      objectReference: {fileID: 0}
    - target: {fileID: 3319096892620343250, guid: 6adfe57b02d48734d8835abe4a3415fe, type: 3}
      propertyPath: m_LocalEulerAnglesHint.x
      value: 0
      objectReference: {fileID: 0}
    - target: {fileID: 3319096892620343250, guid: 6adfe57b02d48734d8835abe4a3415fe, type: 3}
      propertyPath: m_LocalEulerAnglesHint.y
      value: 0
      objectReference: {fileID: 0}
    - target: {fileID: 3319096892620343250, guid: 6adfe57b02d48734d8835abe4a3415fe, type: 3}
      propertyPath: m_LocalEulerAnglesHint.z
      value: 0
      objectReference: {fileID: 0}
    m_RemovedComponents: []
  m_SourcePrefab: {fileID: 100100000, guid: 6adfe57b02d48734d8835abe4a3415fe, type: 3}
--- !u!4 &4713170684333987630 stripped
Transform:
  m_CorrespondingSourceObject: {fileID: 3319096892620343250, guid: 6adfe57b02d48734d8835abe4a3415fe, type: 3}
  m_PrefabInstance: {fileID: 8027462710553612540}
  m_PrefabAsset: {fileID: 0}
--- !u!1001 &8027462710614519408
PrefabInstance:
  m_ObjectHideFlags: 0
  serializedVersion: 2
  m_Modification:
    m_TransformParent: {fileID: 8027462710879859692}
    m_Modifications:
    - target: {fileID: 8180704295066440174, guid: 05952272095666e498644be3a93fe8df, type: 3}
      propertyPath: m_Name
      value: BuildingAtlas01Wall01 (1)
      objectReference: {fileID: 0}
    - target: {fileID: 8848556881308994388, guid: 05952272095666e498644be3a93fe8df, type: 3}
      propertyPath: m_RootOrder
      value: 1
      objectReference: {fileID: 0}
    - target: {fileID: 8848556881308994388, guid: 05952272095666e498644be3a93fe8df, type: 3}
      propertyPath: m_LocalPosition.x
      value: -5.476618
      objectReference: {fileID: 0}
    - target: {fileID: 8848556881308994388, guid: 05952272095666e498644be3a93fe8df, type: 3}
      propertyPath: m_LocalPosition.y
      value: -0.510851
      objectReference: {fileID: 0}
    - target: {fileID: 8848556881308994388, guid: 05952272095666e498644be3a93fe8df, type: 3}
      propertyPath: m_LocalPosition.z
      value: 0.5207367
      objectReference: {fileID: 0}
    - target: {fileID: 8848556881308994388, guid: 05952272095666e498644be3a93fe8df, type: 3}
      propertyPath: m_LocalRotation.w
      value: 0.70710784
      objectReference: {fileID: 0}
    - target: {fileID: 8848556881308994388, guid: 05952272095666e498644be3a93fe8df, type: 3}
      propertyPath: m_LocalRotation.x
      value: -0
      objectReference: {fileID: 0}
    - target: {fileID: 8848556881308994388, guid: 05952272095666e498644be3a93fe8df, type: 3}
      propertyPath: m_LocalRotation.y
      value: -0.70710576
      objectReference: {fileID: 0}
    - target: {fileID: 8848556881308994388, guid: 05952272095666e498644be3a93fe8df, type: 3}
      propertyPath: m_LocalRotation.z
      value: -0
      objectReference: {fileID: 0}
    - target: {fileID: 8848556881308994388, guid: 05952272095666e498644be3a93fe8df, type: 3}
      propertyPath: m_LocalEulerAnglesHint.x
      value: 0
      objectReference: {fileID: 0}
    - target: {fileID: 8848556881308994388, guid: 05952272095666e498644be3a93fe8df, type: 3}
      propertyPath: m_LocalEulerAnglesHint.y
      value: -90
      objectReference: {fileID: 0}
    - target: {fileID: 8848556881308994388, guid: 05952272095666e498644be3a93fe8df, type: 3}
      propertyPath: m_LocalEulerAnglesHint.z
      value: 0
      objectReference: {fileID: 0}
    m_RemovedComponents: []
  m_SourcePrefab: {fileID: 100100000, guid: 05952272095666e498644be3a93fe8df, type: 3}
--- !u!4 &1561382754705057060 stripped
Transform:
  m_CorrespondingSourceObject: {fileID: 8848556881308994388, guid: 05952272095666e498644be3a93fe8df, type: 3}
  m_PrefabInstance: {fileID: 8027462710614519408}
  m_PrefabAsset: {fileID: 0}
--- !u!1001 &8027462710704090759
PrefabInstance:
  m_ObjectHideFlags: 0
  serializedVersion: 2
  m_Modification:
    m_TransformParent: {fileID: 8027462711154702880}
    m_Modifications:
    - target: {fileID: 76264846975596301, guid: 80519c95e61f06e45b2ace44eb0ef0ac, type: 3}
      propertyPath: m_Name
      value: BuildingAtlas01Ceiling01 (1)
      objectReference: {fileID: 0}
    - target: {fileID: 740036016062344631, guid: 80519c95e61f06e45b2ace44eb0ef0ac, type: 3}
      propertyPath: m_RootOrder
      value: 1
      objectReference: {fileID: 0}
    - target: {fileID: 740036016062344631, guid: 80519c95e61f06e45b2ace44eb0ef0ac, type: 3}
      propertyPath: m_LocalPosition.x
      value: -3.4766178
      objectReference: {fileID: 0}
    - target: {fileID: 740036016062344631, guid: 80519c95e61f06e45b2ace44eb0ef0ac, type: 3}
      propertyPath: m_LocalPosition.y
      value: 4.489149
      objectReference: {fileID: 0}
    - target: {fileID: 740036016062344631, guid: 80519c95e61f06e45b2ace44eb0ef0ac, type: 3}
      propertyPath: m_LocalPosition.z
      value: 2.0207367
      objectReference: {fileID: 0}
    - target: {fileID: 740036016062344631, guid: 80519c95e61f06e45b2ace44eb0ef0ac, type: 3}
      propertyPath: m_LocalRotation.w
      value: 1
      objectReference: {fileID: 0}
    - target: {fileID: 740036016062344631, guid: 80519c95e61f06e45b2ace44eb0ef0ac, type: 3}
      propertyPath: m_LocalRotation.x
      value: -0
      objectReference: {fileID: 0}
    - target: {fileID: 740036016062344631, guid: 80519c95e61f06e45b2ace44eb0ef0ac, type: 3}
      propertyPath: m_LocalRotation.y
      value: -0
      objectReference: {fileID: 0}
    - target: {fileID: 740036016062344631, guid: 80519c95e61f06e45b2ace44eb0ef0ac, type: 3}
      propertyPath: m_LocalRotation.z
      value: -0
      objectReference: {fileID: 0}
    - target: {fileID: 740036016062344631, guid: 80519c95e61f06e45b2ace44eb0ef0ac, type: 3}
      propertyPath: m_LocalEulerAnglesHint.x
      value: 0
      objectReference: {fileID: 0}
    - target: {fileID: 740036016062344631, guid: 80519c95e61f06e45b2ace44eb0ef0ac, type: 3}
      propertyPath: m_LocalEulerAnglesHint.y
      value: 0
      objectReference: {fileID: 0}
    - target: {fileID: 740036016062344631, guid: 80519c95e61f06e45b2ace44eb0ef0ac, type: 3}
      propertyPath: m_LocalEulerAnglesHint.z
      value: 0
      objectReference: {fileID: 0}
    m_RemovedComponents: []
  m_SourcePrefab: {fileID: 100100000, guid: 80519c95e61f06e45b2ace44eb0ef0ac, type: 3}
--- !u!4 &7287497201907008304 stripped
Transform:
  m_CorrespondingSourceObject: {fileID: 740036016062344631, guid: 80519c95e61f06e45b2ace44eb0ef0ac, type: 3}
  m_PrefabInstance: {fileID: 8027462710704090759}
  m_PrefabAsset: {fileID: 0}
--- !u!1001 &8027462710725727696
PrefabInstance:
  m_ObjectHideFlags: 0
  serializedVersion: 2
  m_Modification:
    m_TransformParent: {fileID: 8027462711154702880}
    m_Modifications:
    - target: {fileID: 76264846975596301, guid: 80519c95e61f06e45b2ace44eb0ef0ac, type: 3}
      propertyPath: m_Name
      value: BuildingAtlas01Ceiling01 (2)
      objectReference: {fileID: 0}
    - target: {fileID: 740036016062344631, guid: 80519c95e61f06e45b2ace44eb0ef0ac, type: 3}
      propertyPath: m_RootOrder
      value: 2
      objectReference: {fileID: 0}
    - target: {fileID: 740036016062344631, guid: 80519c95e61f06e45b2ace44eb0ef0ac, type: 3}
      propertyPath: m_LocalPosition.x
      value: -1.4766178
      objectReference: {fileID: 0}
    - target: {fileID: 740036016062344631, guid: 80519c95e61f06e45b2ace44eb0ef0ac, type: 3}
      propertyPath: m_LocalPosition.y
      value: 4.489149
      objectReference: {fileID: 0}
    - target: {fileID: 740036016062344631, guid: 80519c95e61f06e45b2ace44eb0ef0ac, type: 3}
      propertyPath: m_LocalPosition.z
      value: 0.020736694
      objectReference: {fileID: 0}
    - target: {fileID: 740036016062344631, guid: 80519c95e61f06e45b2ace44eb0ef0ac, type: 3}
      propertyPath: m_LocalRotation.w
      value: 1
      objectReference: {fileID: 0}
    - target: {fileID: 740036016062344631, guid: 80519c95e61f06e45b2ace44eb0ef0ac, type: 3}
      propertyPath: m_LocalRotation.x
      value: -0
      objectReference: {fileID: 0}
    - target: {fileID: 740036016062344631, guid: 80519c95e61f06e45b2ace44eb0ef0ac, type: 3}
      propertyPath: m_LocalRotation.y
      value: -0
      objectReference: {fileID: 0}
    - target: {fileID: 740036016062344631, guid: 80519c95e61f06e45b2ace44eb0ef0ac, type: 3}
      propertyPath: m_LocalRotation.z
      value: -0
      objectReference: {fileID: 0}
    - target: {fileID: 740036016062344631, guid: 80519c95e61f06e45b2ace44eb0ef0ac, type: 3}
      propertyPath: m_LocalEulerAnglesHint.x
      value: 0
      objectReference: {fileID: 0}
    - target: {fileID: 740036016062344631, guid: 80519c95e61f06e45b2ace44eb0ef0ac, type: 3}
      propertyPath: m_LocalEulerAnglesHint.y
      value: 0
      objectReference: {fileID: 0}
    - target: {fileID: 740036016062344631, guid: 80519c95e61f06e45b2ace44eb0ef0ac, type: 3}
      propertyPath: m_LocalEulerAnglesHint.z
      value: 0
      objectReference: {fileID: 0}
    m_RemovedComponents: []
  m_SourcePrefab: {fileID: 100100000, guid: 80519c95e61f06e45b2ace44eb0ef0ac, type: 3}
--- !u!4 &7287497202000492647 stripped
Transform:
  m_CorrespondingSourceObject: {fileID: 740036016062344631, guid: 80519c95e61f06e45b2ace44eb0ef0ac, type: 3}
  m_PrefabInstance: {fileID: 8027462710725727696}
  m_PrefabAsset: {fileID: 0}
--- !u!1001 &8027462710893727567
PrefabInstance:
  m_ObjectHideFlags: 0
  serializedVersion: 2
  m_Modification:
    m_TransformParent: {fileID: 8027462711154702880}
    m_Modifications:
    - target: {fileID: 76264846975596301, guid: 80519c95e61f06e45b2ace44eb0ef0ac, type: 3}
      propertyPath: m_Name
      value: BuildingAtlas01Ceiling01 (3)
      objectReference: {fileID: 0}
    - target: {fileID: 740036016062344631, guid: 80519c95e61f06e45b2ace44eb0ef0ac, type: 3}
      propertyPath: m_RootOrder
      value: 3
      objectReference: {fileID: 0}
    - target: {fileID: 740036016062344631, guid: 80519c95e61f06e45b2ace44eb0ef0ac, type: 3}
      propertyPath: m_LocalPosition.x
      value: -3.4766178
      objectReference: {fileID: 0}
    - target: {fileID: 740036016062344631, guid: 80519c95e61f06e45b2ace44eb0ef0ac, type: 3}
      propertyPath: m_LocalPosition.y
      value: 4.489149
      objectReference: {fileID: 0}
    - target: {fileID: 740036016062344631, guid: 80519c95e61f06e45b2ace44eb0ef0ac, type: 3}
      propertyPath: m_LocalPosition.z
      value: 0.020736694
      objectReference: {fileID: 0}
    - target: {fileID: 740036016062344631, guid: 80519c95e61f06e45b2ace44eb0ef0ac, type: 3}
      propertyPath: m_LocalRotation.w
      value: 1
      objectReference: {fileID: 0}
    - target: {fileID: 740036016062344631, guid: 80519c95e61f06e45b2ace44eb0ef0ac, type: 3}
      propertyPath: m_LocalRotation.x
      value: -0
      objectReference: {fileID: 0}
    - target: {fileID: 740036016062344631, guid: 80519c95e61f06e45b2ace44eb0ef0ac, type: 3}
      propertyPath: m_LocalRotation.y
      value: -0
      objectReference: {fileID: 0}
    - target: {fileID: 740036016062344631, guid: 80519c95e61f06e45b2ace44eb0ef0ac, type: 3}
      propertyPath: m_LocalRotation.z
      value: -0
      objectReference: {fileID: 0}
    - target: {fileID: 740036016062344631, guid: 80519c95e61f06e45b2ace44eb0ef0ac, type: 3}
      propertyPath: m_LocalEulerAnglesHint.x
      value: 0
      objectReference: {fileID: 0}
    - target: {fileID: 740036016062344631, guid: 80519c95e61f06e45b2ace44eb0ef0ac, type: 3}
      propertyPath: m_LocalEulerAnglesHint.y
      value: 0
      objectReference: {fileID: 0}
    - target: {fileID: 740036016062344631, guid: 80519c95e61f06e45b2ace44eb0ef0ac, type: 3}
      propertyPath: m_LocalEulerAnglesHint.z
      value: 0
      objectReference: {fileID: 0}
    m_RemovedComponents: []
  m_SourcePrefab: {fileID: 100100000, guid: 80519c95e61f06e45b2ace44eb0ef0ac, type: 3}
--- !u!4 &7287497201564508920 stripped
Transform:
  m_CorrespondingSourceObject: {fileID: 740036016062344631, guid: 80519c95e61f06e45b2ace44eb0ef0ac, type: 3}
  m_PrefabInstance: {fileID: 8027462710893727567}
  m_PrefabAsset: {fileID: 0}
--- !u!1001 &8027462710988721347
PrefabInstance:
  m_ObjectHideFlags: 0
  serializedVersion: 2
  m_Modification:
    m_TransformParent: {fileID: 8027462710879859692}
    m_Modifications:
    - target: {fileID: 8180704295066440174, guid: 05952272095666e498644be3a93fe8df, type: 3}
      propertyPath: m_Name
      value: BuildingAtlas01Wall01 (3)
      objectReference: {fileID: 0}
    - target: {fileID: 8848556881308994388, guid: 05952272095666e498644be3a93fe8df, type: 3}
      propertyPath: m_RootOrder
      value: 3
      objectReference: {fileID: 0}
    - target: {fileID: 8848556881308994388, guid: 05952272095666e498644be3a93fe8df, type: 3}
      propertyPath: m_LocalPosition.x
      value: -0.4766178
      objectReference: {fileID: 0}
    - target: {fileID: 8848556881308994388, guid: 05952272095666e498644be3a93fe8df, type: 3}
      propertyPath: m_LocalPosition.y
      value: -0.510851
      objectReference: {fileID: 0}
    - target: {fileID: 8848556881308994388, guid: 05952272095666e498644be3a93fe8df, type: 3}
      propertyPath: m_LocalPosition.z
      value: 0.5207367
      objectReference: {fileID: 0}
    - target: {fileID: 8848556881308994388, guid: 05952272095666e498644be3a93fe8df, type: 3}
      propertyPath: m_LocalRotation.w
      value: -0.7071037
      objectReference: {fileID: 0}
    - target: {fileID: 8848556881308994388, guid: 05952272095666e498644be3a93fe8df, type: 3}
      propertyPath: m_LocalRotation.x
      value: -0
      objectReference: {fileID: 0}
    - target: {fileID: 8848556881308994388, guid: 05952272095666e498644be3a93fe8df, type: 3}
      propertyPath: m_LocalRotation.y
      value: -0.7071099
      objectReference: {fileID: 0}
    - target: {fileID: 8848556881308994388, guid: 05952272095666e498644be3a93fe8df, type: 3}
      propertyPath: m_LocalRotation.z
      value: -0
      objectReference: {fileID: 0}
    - target: {fileID: 8848556881308994388, guid: 05952272095666e498644be3a93fe8df, type: 3}
      propertyPath: m_LocalEulerAnglesHint.x
      value: 0
      objectReference: {fileID: 0}
    - target: {fileID: 8848556881308994388, guid: 05952272095666e498644be3a93fe8df, type: 3}
      propertyPath: m_LocalEulerAnglesHint.y
      value: -269.999
      objectReference: {fileID: 0}
    - target: {fileID: 8848556881308994388, guid: 05952272095666e498644be3a93fe8df, type: 3}
      propertyPath: m_LocalEulerAnglesHint.z
      value: 0
      objectReference: {fileID: 0}
    m_RemovedComponents: []
  m_SourcePrefab: {fileID: 100100000, guid: 05952272095666e498644be3a93fe8df, type: 3}
--- !u!4 &1561382755658336151 stripped
Transform:
  m_CorrespondingSourceObject: {fileID: 8848556881308994388, guid: 05952272095666e498644be3a93fe8df, type: 3}
  m_PrefabInstance: {fileID: 8027462710988721347}
  m_PrefabAsset: {fileID: 0}
--- !u!1001 &8027462711068078274
PrefabInstance:
  m_ObjectHideFlags: 0
  serializedVersion: 2
  m_Modification:
    m_TransformParent: {fileID: 8027462711154702880}
    m_Modifications:
    - target: {fileID: 76264846975596301, guid: 80519c95e61f06e45b2ace44eb0ef0ac, type: 3}
      propertyPath: m_Name
      value: BuildingAtlas01Ceiling01 (6)
      objectReference: {fileID: 0}
    - target: {fileID: 740036016062344631, guid: 80519c95e61f06e45b2ace44eb0ef0ac, type: 3}
      propertyPath: m_RootOrder
      value: 6
      objectReference: {fileID: 0}
    - target: {fileID: 740036016062344631, guid: 80519c95e61f06e45b2ace44eb0ef0ac, type: 3}
      propertyPath: m_LocalScale.x
      value: 0.5
      objectReference: {fileID: 0}
    - target: {fileID: 740036016062344631, guid: 80519c95e61f06e45b2ace44eb0ef0ac, type: 3}
      propertyPath: m_LocalPosition.x
      value: -3.4766178
      objectReference: {fileID: 0}
    - target: {fileID: 740036016062344631, guid: 80519c95e61f06e45b2ace44eb0ef0ac, type: 3}
      propertyPath: m_LocalPosition.y
      value: 4.489149
      objectReference: {fileID: 0}
    - target: {fileID: 740036016062344631, guid: 80519c95e61f06e45b2ace44eb0ef0ac, type: 3}
      propertyPath: m_LocalPosition.z
      value: -1.4792633
      objectReference: {fileID: 0}
    - target: {fileID: 740036016062344631, guid: 80519c95e61f06e45b2ace44eb0ef0ac, type: 3}
      propertyPath: m_LocalRotation.w
      value: 0.70710784
      objectReference: {fileID: 0}
    - target: {fileID: 740036016062344631, guid: 80519c95e61f06e45b2ace44eb0ef0ac, type: 3}
      propertyPath: m_LocalRotation.x
      value: -0
      objectReference: {fileID: 0}
    - target: {fileID: 740036016062344631, guid: 80519c95e61f06e45b2ace44eb0ef0ac, type: 3}
      propertyPath: m_LocalRotation.y
      value: -0.70710576
      objectReference: {fileID: 0}
    - target: {fileID: 740036016062344631, guid: 80519c95e61f06e45b2ace44eb0ef0ac, type: 3}
      propertyPath: m_LocalRotation.z
      value: -0
      objectReference: {fileID: 0}
    - target: {fileID: 740036016062344631, guid: 80519c95e61f06e45b2ace44eb0ef0ac, type: 3}
      propertyPath: m_LocalEulerAnglesHint.x
      value: 0
      objectReference: {fileID: 0}
    - target: {fileID: 740036016062344631, guid: 80519c95e61f06e45b2ace44eb0ef0ac, type: 3}
      propertyPath: m_LocalEulerAnglesHint.y
      value: -90
      objectReference: {fileID: 0}
    - target: {fileID: 740036016062344631, guid: 80519c95e61f06e45b2ace44eb0ef0ac, type: 3}
      propertyPath: m_LocalEulerAnglesHint.z
      value: 0
      objectReference: {fileID: 0}
    m_RemovedComponents: []
  m_SourcePrefab: {fileID: 100100000, guid: 80519c95e61f06e45b2ace44eb0ef0ac, type: 3}
--- !u!4 &7287497201793375605 stripped
Transform:
  m_CorrespondingSourceObject: {fileID: 740036016062344631, guid: 80519c95e61f06e45b2ace44eb0ef0ac, type: 3}
  m_PrefabInstance: {fileID: 8027462711068078274}
  m_PrefabAsset: {fileID: 0}
--- !u!1001 &8027462711205894164
PrefabInstance:
  m_ObjectHideFlags: 0
  serializedVersion: 2
  m_Modification:
    m_TransformParent: {fileID: 8027462710879859692}
    m_Modifications:
    - target: {fileID: 8180704295066440174, guid: 05952272095666e498644be3a93fe8df, type: 3}
      propertyPath: m_Name
      value: BuildingAtlas01Wall01
      objectReference: {fileID: 0}
    - target: {fileID: 8848556881308994388, guid: 05952272095666e498644be3a93fe8df, type: 3}
      propertyPath: m_RootOrder
      value: 0
      objectReference: {fileID: 0}
    - target: {fileID: 8848556881308994388, guid: 05952272095666e498644be3a93fe8df, type: 3}
      propertyPath: m_LocalPosition.x
      value: -2.9766178
      objectReference: {fileID: 0}
    - target: {fileID: 8848556881308994388, guid: 05952272095666e498644be3a93fe8df, type: 3}
      propertyPath: m_LocalPosition.y
      value: -0.510851
      objectReference: {fileID: 0}
    - target: {fileID: 8848556881308994388, guid: 05952272095666e498644be3a93fe8df, type: 3}
      propertyPath: m_LocalPosition.z
      value: 3.0207367
      objectReference: {fileID: 0}
    - target: {fileID: 8848556881308994388, guid: 05952272095666e498644be3a93fe8df, type: 3}
      propertyPath: m_LocalRotation.w
      value: 1
      objectReference: {fileID: 0}
    - target: {fileID: 8848556881308994388, guid: 05952272095666e498644be3a93fe8df, type: 3}
      propertyPath: m_LocalRotation.x
      value: -0
      objectReference: {fileID: 0}
    - target: {fileID: 8848556881308994388, guid: 05952272095666e498644be3a93fe8df, type: 3}
      propertyPath: m_LocalRotation.y
      value: -0
      objectReference: {fileID: 0}
    - target: {fileID: 8848556881308994388, guid: 05952272095666e498644be3a93fe8df, type: 3}
      propertyPath: m_LocalRotation.z
      value: -0
      objectReference: {fileID: 0}
    - target: {fileID: 8848556881308994388, guid: 05952272095666e498644be3a93fe8df, type: 3}
      propertyPath: m_LocalEulerAnglesHint.x
      value: 0
      objectReference: {fileID: 0}
    - target: {fileID: 8848556881308994388, guid: 05952272095666e498644be3a93fe8df, type: 3}
      propertyPath: m_LocalEulerAnglesHint.y
      value: 0
      objectReference: {fileID: 0}
    - target: {fileID: 8848556881308994388, guid: 05952272095666e498644be3a93fe8df, type: 3}
      propertyPath: m_LocalEulerAnglesHint.z
      value: 0
      objectReference: {fileID: 0}
    m_RemovedComponents: []
  m_SourcePrefab: {fileID: 100100000, guid: 05952272095666e498644be3a93fe8df, type: 3}
--- !u!4 &1561382755170636608 stripped
Transform:
  m_CorrespondingSourceObject: {fileID: 8848556881308994388, guid: 05952272095666e498644be3a93fe8df, type: 3}
  m_PrefabInstance: {fileID: 8027462711205894164}
  m_PrefabAsset: {fileID: 0}
--- !u!1001 &8027462711335748217
PrefabInstance:
  m_ObjectHideFlags: 0
  serializedVersion: 2
  m_Modification:
    m_TransformParent: {fileID: 8027462710879859692}
    m_Modifications:
    - target: {fileID: 2685303873417862504, guid: 6adfe57b02d48734d8835abe4a3415fe, type: 3}
      propertyPath: m_Name
      value: BuildingAtlas01Wall01b (3)
      objectReference: {fileID: 0}
    - target: {fileID: 3319096892620343250, guid: 6adfe57b02d48734d8835abe4a3415fe, type: 3}
      propertyPath: m_RootOrder
      value: 8
      objectReference: {fileID: 0}
    - target: {fileID: 3319096892620343250, guid: 6adfe57b02d48734d8835abe4a3415fe, type: 3}
      propertyPath: m_LocalPosition.x
      value: -2.9766102
      objectReference: {fileID: 0}
    - target: {fileID: 3319096892620343250, guid: 6adfe57b02d48734d8835abe4a3415fe, type: 3}
      propertyPath: m_LocalPosition.y
      value: 4.489149
      objectReference: {fileID: 0}
    - target: {fileID: 3319096892620343250, guid: 6adfe57b02d48734d8835abe4a3415fe, type: 3}
      propertyPath: m_LocalPosition.z
      value: -1.9792633
      objectReference: {fileID: 0}
    - target: {fileID: 3319096892620343250, guid: 6adfe57b02d48734d8835abe4a3415fe, type: 3}
      propertyPath: m_LocalRotation.w
      value: 0.0000028461216
      objectReference: {fileID: 0}
    - target: {fileID: 3319096892620343250, guid: 6adfe57b02d48734d8835abe4a3415fe, type: 3}
      propertyPath: m_LocalRotation.x
      value: -0
      objectReference: {fileID: 0}
    - target: {fileID: 3319096892620343250, guid: 6adfe57b02d48734d8835abe4a3415fe, type: 3}
      propertyPath: m_LocalRotation.y
      value: -1
      objectReference: {fileID: 0}
    - target: {fileID: 3319096892620343250, guid: 6adfe57b02d48734d8835abe4a3415fe, type: 3}
      propertyPath: m_LocalRotation.z
      value: -0
      objectReference: {fileID: 0}
    - target: {fileID: 3319096892620343250, guid: 6adfe57b02d48734d8835abe4a3415fe, type: 3}
      propertyPath: m_LocalEulerAnglesHint.x
      value: 0
      objectReference: {fileID: 0}
    - target: {fileID: 3319096892620343250, guid: 6adfe57b02d48734d8835abe4a3415fe, type: 3}
      propertyPath: m_LocalEulerAnglesHint.y
      value: -180
      objectReference: {fileID: 0}
    - target: {fileID: 3319096892620343250, guid: 6adfe57b02d48734d8835abe4a3415fe, type: 3}
      propertyPath: m_LocalEulerAnglesHint.z
      value: 0
      objectReference: {fileID: 0}
    m_RemovedComponents: []
  m_SourcePrefab: {fileID: 100100000, guid: 6adfe57b02d48734d8835abe4a3415fe, type: 3}
--- !u!4 &4713170684633777579 stripped
Transform:
  m_CorrespondingSourceObject: {fileID: 3319096892620343250, guid: 6adfe57b02d48734d8835abe4a3415fe, type: 3}
  m_PrefabInstance: {fileID: 8027462711335748217}
  m_PrefabAsset: {fileID: 0}
